<collection xmlns="http://www.loc.gov/MARC21/slim"><record><leader>00692nam  2200217   450</leader><controlfield tag="001">16653</controlfield><controlfield tag="003">http://montalegre.opacnet.com/OPAC/default.aspx?ContentAreaControl=ShowRegHoldings.ascx&amp;RegNo=16662</controlfield><controlfield tag="005">20</controlfield><datafield tag="010" ind1=" " ind2=" "><subfield code="a">978-989-740-004-9</subfield></datafield><datafield tag="021" ind1=" " ind2=" "><subfield code="a">PT</subfield><subfield code="b">372283/14</subfield></datafield><datafield tag="100" ind1=" " ind2=" "><subfield code="a">20140403d2014----m  y0pory0103    ba</subfield></datafield><datafield tag="101" ind1="0" ind2=" "><subfield code="a">por</subfield></datafield><datafield tag="102" ind1=" " ind2=" "><subfield code="a">PT</subfield></datafield><datafield tag="200" ind1="1" ind2=" "><subfield code="a">Questões de Exame Resolvidas 1997-2013</subfield><subfield code="d">Matemática A 12º ano - Funções</subfield><subfield code="f">João de Sá Duarte</subfield><subfield code="g">Felicidade de Sá Duarte</subfield></datafield><datafield tag="210" ind1=" " ind2=" "><subfield code="a">Porto</subfield><subfield code="c">Porto Editora</subfield><subfield code="d">2014</subfield></datafield><datafield tag="215" ind1=" " ind2=" "><subfield code="a">304 p.</subfield><subfield code="d">25 cm</subfield></datafield><datafield tag="606" ind1=" " ind2=" "><subfield code="a">Matemática</subfield></datafield><datafield tag="675" ind1=" " ind2=" "><subfield code="a">51(075)</subfield></datafield><datafield tag="700" ind1=" " ind2="1"><subfield code="a">Duarte</subfield><subfield code="b">João de Sá</subfield></datafield><datafield tag="701" ind1=" " ind2="1"><subfield code="a">Duarte</subfield><subfield code="b">Felicidade de Sá</subfield><subfield code="4">070</subfield></datafield><datafield tag="801" ind1=" " ind2="0"><subfield code="a">PT</subfield><subfield code="b">Biblioteca Escolar de Montalegre</subfield><subfield code="g">RPC</subfield></datafield><datafield tag="909" ind1="&#9;" ind2=" "><subfield code="a">1</subfield></datafield><datafield tag="966" ind1=" " ind2=" "><subfield code="a">1009420</subfield><subfield code="l">BEM</subfield><subfield code="s">BEM 51(075) DUA</subfield></datafield></record></collection>